{
  "leader": "02599cam a2200457 a 4500",
  "fields": [
    {
      "001": "ocm00294669\\"
    },
    {
      "003": "OCoLC"
    },
    {
      "005": "20230118121116.0"
    },
    {
      "008": "720426s1964\\\\\\\\txu\\\\\\\\\\\\b\\\\\\\\001\\0\\eng\\d"
    },
    {
      "010": {
        "ind1": "\\",
        "ind2": "\\",
        "subfields": [
          {
            "a": "   63011188 "
          }
        ]
      }
    },
    {
      "040": {
        "ind1": "\\",
        "ind2": "\\",
        "subfields": [
          {
            "a": "DAY"
          },
          {
            "b": "eng"
          },
          {
            "c": "DAY"
          },
          {
            "d": "OCL"
          },
          {
            "d": "TBS"
          },
          {
            "d": "OCLCQ"
          },
          {
            "d": "OCLCG"
          },
          {
            "d": "DRB"
          },
          {
            "d": "OCLCQ"
          },
          {
            "d": "TULIB"
          },
          {
            "d": "TXX"
          },
          {
            "d": "OCLCO"
          },
          {
            "d": "OCLCF"
          },
          {
            "d": "OCLCQ"
          },
          {
            "d": "CFT"
          },
          {
            "d": "OCLCQ"
          },
          {
            "d": "CEF"
          },
          {
            "d": "TKN"
          },
          {
            "d": "CSO"
          },
          {
            "d": "CNO"
          },
          {
            "d": "CSA"
          },
          {
            "d": "XFF"
          },
          {
            "d": "MUO"
          },
          {
            "d": "KFH"
          },
          {
            "d": "HCO"
          },
          {
            "d": "FQG"
          },
          {
            "d": "FML"
          },
          {
            "d": "UKOBU"
          },
          {
            "d": "CPS"
          },
          {
            "d": "CUY"
          },
          {
            "d": "CPO"
          },
          {
            "d": "NAM"
          },
          {
            "d": "TWJ"
          },
          {
            "d": "UX0"
          },
          {
            "d": "PAU"
          },
          {
            "d": "QE2"
          },
          {
            "d": "NJR"
          },
          {
            "d": "INT"
          },
          {
            "d": "BUB"
          },
          {
            "d": "TFF"
          },
          {
            "d": "CRU"
          },
          {
            "d": "FWR"
          },
          {
            "d": "UWO"
          },
          {
            "d": "MTU"
          },
          {
            "d": "IOG"
          },
          {
            "d": "YOU"
          },
          {
            "d": "DCHUA"
          },
          {
            "d": "OCLCQ"
          },
          {
            "d": "CZL"
          },
          {
            "d": "YBM"
          },
          {
            "d": "OCLCO"
          },
          {
            "d": "OCLCQ"
          }
        ]
      }
    },
    {
      "019": {
        "ind1": "\\",
        "ind2": "\\",
        "subfields": [
          {
            "a": "10928148"
          },
          {
            "a": "1004466541"
          },
          {
            "a": "1004692249"
          },
          {
            "a": "1026328133"
          },
          {
            "a": "1054932446"
          }
        ]
      }
    },
    {
      "035": {
        "ind1": "\\",
        "ind2": "\\",
        "subfields": [
          {
            "a": "(OCoLC)294669"
          },
          {
            "z": "(OCoLC)10928148"
          },
          {
            "z": "(OCoLC)1004466541"
          },
          {
            "z": "(OCoLC)1004692249"
          },
          {
            "z": "(OCoLC)1026328133"
          },
          {
            "z": "(OCoLC)1054932446"
          }
        ]
      }
    },
    {
      "041": {
        "ind1": "1",
        "ind2": "\\",
        "subfields": [
          {
            "a": "eng"
          },
          {
            "h": "spa"
          }
        ]
      }
    },
    {
      "043": {
        "ind1": "\\",
        "ind2": "\\",
        "subfields": [
          {
            "a": "n-mx---"
          },
          {
            "a": "cl-----"
          }
        ]
      }
    },
    {
      "050": {
        "ind1": "\\",
        "ind2": "4",
        "subfields": [
          {
            "a": "F1226"
          },
          {
            "b": ".C7983"
          }
        ]
      }
    },
    {
      "082": {
        "ind1": "0",
        "ind2": "4",
        "subfields": [
          {
            "a": "972"
          },
          {
            "b": "COS"
          }
        ]
      }
    },
    {
      "100": {
        "ind1": "1",
        "ind2": "\\",
        "subfields": [
          {
            "a": "Cosi\u0301o Villegas, Daniel,"
          },
          {
            "d": "1898-1976,"
          },
          {
            "e": "author."
          }
        ]
      }
    },
    {
      "240": {
        "ind1": "1",
        "ind2": "0",
        "subfields": [
          {
            "a": "Extremos de Ame\u0301rica."
          },
          {
            "l": "English"
          }
        ]
      }
    },
    {
      "245": {
        "ind1": "1",
        "ind2": "0",
        "subfields": [
          {
            "a": "American extremes ="
          },
          {
            "b": "(Extremos de Ame\u0301rica) /"
          },
          {
            "c": "by Daniel Cosi\u0301o Villegas ; translated by Ame\u0301rico Paredes ; introduction by John P. Harrison."
          }
        ]
      }
    },
    {
      "264": {
        "ind1": "\\",
        "ind2": "1",
        "subfields": [
          {
            "a": "Austin :"
          },
          {
            "b": "University of Texas Press,"
          },
          {
            "c": "1964."
          }
        ]
      }
    },
    {
      "300": {
        "ind1": "\\",
        "ind2": "\\",
        "subfields": [
          {
            "a": "xv, 227 pages ;"
          },
          {
            "c": "24 cm"
          }
        ]
      }
    },
    {
      "336": {
        "ind1": "\\",
        "ind2": "\\",
        "subfields": [
          {
            "a": "text"
          },
          {
            "b": "txt"
          },
          {
            "2": "rdacontent"
          }
        ]
      }
    },
    {
      "337": {
        "ind1": "\\",
        "ind2": "\\",
        "subfields": [
          {
            "a": "unmediated"
          },
          {
            "b": "n"
          },
          {
            "2": "rdamedia"
          }
        ]
      }
    },
    {
      "338": {
        "ind1": "\\",
        "ind2": "\\",
        "subfields": [
          {
            "a": "volume"
          },
          {
            "b": "nc"
          },
          {
            "2": "rdacarrier"
          }
        ]
      }
    },
    {
      "490": {
        "ind1": "1",
        "ind2": "\\",
        "subfields": [
          {
            "a": "The Texas Pan-American series"
          }
        ]
      }
    },
    {
      "504": {
        "ind1": "\\",
        "ind2": "\\",
        "subfields": [
          {
            "a": "Includes bibliographical references and index."
          }
        ]
      }
    },
    {
      "505": {
        "ind1": "0",
        "ind2": "0",
        "subfields": [
          {
            "t": "Introduction --"
          },
          {
            "t": "Mexico's crisis --"
          },
          {
            "t": "Mexico and the United States --"
          },
          {
            "t": "Russia, the United States, and Latin America --"
          },
          {
            "t": "The problems of America --"
          },
          {
            "t": "Background of tyranny --"
          },
          {
            "t": "Thoughts on Korea --"
          },
          {
            "t": "Politics and political economy in Latin America --"
          },
          {
            "t": "Latin America and the United States: today and tomorrow --"
          },
          {
            "t": "Mexico's legendary wealth --"
          },
          {
            "t": "The Chapultepec Conference"
          },
          {
            "r": "(February 21-March 8, 1945)."
          }
        ]
      }
    },
    {
      "500": {
        "ind1": "\\",
        "ind2": "\\",
        "subfields": [
          {
            "a": "Extreme: that which is the most intense, loftiest, or most active of anything (Diccionario de la Academia)."
          }
        ]
      }
    },
    {
      "651": {
        "ind1": "\\",
        "ind2": "0",
        "subfields": [
          {
            "a": "Mexico"
          },
          {
            "x": "History."
          }
        ]
      }
    },
    {
      "651": {
        "ind1": "\\",
        "ind2": "0",
        "subfields": [
          {
            "a": "Latin America"
          }
        ]
      }
    },
    {
      "651": {
        "ind1": "\\",
        "ind2": "7",
        "subfields": [
          {
            "a": "Latin America."
          },
          {
            "2": "fast"
          },
          {
            "0": "(OCoLC)fst01245945"
          }
        ]
      }
    },
    {
      "651": {
        "ind1": "\\",
        "ind2": "7",
        "subfields": [
          {
            "a": "Mexico."
          },
          {
            "2": "fast"
          },
          {
            "0": "(OCoLC)fst01211700"
          }
        ]
      }
    },
    {
      "655": {
        "ind1": "\\",
        "ind2": "7",
        "subfields": [
          {
            "a": "History."
          },
          {
            "2": "fast"
          },
          {
            "0": "(OCoLC)fst01411628"
          }
        ]
      }
    },
    {
      "700": {
        "ind1": "1",
        "ind2": "\\",
        "subfields": [
          {
            "a": "Paredes, Ame\u0301rico,"
          },
          {
            "d": "1915-1999,"
          },
          {
            "e": "translator."
          }
        ]
      }
    },
    {
      "700": {
        "ind1": "1",
        "ind2": "\\",
        "subfields": [
          {
            "a": "Harrison, John Parker,"
          },
          {
            "e": "writer of introduction."
          }
        ]
      }
    },
    {
      "776": {
        "ind1": "0",
        "ind2": "8",
        "subfields": [
          {
            "i": "Online version:"
          },
          {
            "a": "Cosi\u0301o Villegas, Daniel, 1898-1976."
          },
          {
            "t": "American extremes (Extremos de Ame\u0301rica)."
          },
          {
            "d": "Austin, University of Texas Press [1964]"
          },
          {
            "w": "(OCoLC)592649520"
          }
        ]
      }
    },
    {
      "830": {
        "ind1": "\\",
        "ind2": "0",
        "subfields": [
          {
            "a": "Texas Pan American series."
          }
        ]
      }
    },
    {
      "994": {
        "ind1": "\\",
        "ind2": "\\",
        "subfields": [
          {
            "a": "Z0"
          },
          {
            "b": "NYRVC"
          }
        ]
      }
    },
    {
      "948": {
        "ind1": "\\",
        "ind2": "\\",
        "subfields": [
          {
            "h": "NO HOLDINGS IN NYRVC - 589 OTHER HOLDINGS"
          }
        ]
      }
    },
    {
      "999": {
        "ind1": "\\",
        "ind2": "\\",
        "subfields": [
          {
            "a": "00000000018011"
          }
        ]
      }
    }
  ]
}